@article{shastry2009,
	Title = {SNPs: impact on gene function and phenotype},
	Author = {Shastry, Barkur S},
	DOI = {10.1007/978-1-60327-411-1_1},
	Volume = {578},
	Year = {2009},
	Journal = {Methods in molecular biology (Clifton, N.J.)},
	ISSN = {1064-3745},
	Pages = {3—22},
	URL = {https://doi.org/10.1007/978-1-60327-411-1_1},
}

@article{buniello2018,
    author = {Buniello, Annalisa and MacArthur, Jacqueline A L and Cerezo, Maria and Harris, Laura W and Hayhurst, James and Malangone, Cinzia and McMahon, Aoife and Morales, Joannella and Mountjoy, Edward and Sollis, Elliot and Suveges, Daniel and Vrousgou, Olga and Whetzel, Patricia L and Amode, Ridwan and Guillen, Jose A and Riat, Harpreet S and Trevanion, Stephen J and Hall, Peggy and Junkins, Heather and Flicek, Paul and Burdett, Tony and Hindorff, Lucia A and Cunningham, Fiona and Parkinson, Helen},
    title = "{The NHGRI-EBI GWAS Catalog of published genome-wide association studies, targeted arrays and summary statistics 2019}",
    journal = {Nucleic Acids Research},
    volume = {47},
    number = {D1},
    pages = {D1005-D1012},
    year = {2018},
    month = {11},
    issn = {0305-1048},
    doi = {10.1093/nar/gky1120},
    url = {https://doi.org/10.1093/nar/gky1120},
    eprint = {https://academic.oup.com/nar/article-pdf/47/D1/D1005/27437312/gky1120.pdf},
}

@article{chang2018,
	author = {Chang, Jiang and Tian, Jianbo and Yang, Yang and Zhong, Rong and Li, Jiaoyuan and Zhai, Kan and Ke, Juntao and Lou, Jiao and Chen, Wei and Zhu, Beibei and Shen, Na and Zhang, Yi and Gong, Yajie and Zhu, Ying and Zou, Danyi and Peng, Xiating and Huang, Kun and Miao, Xiaoping},
	title = {A Rare Missense Variant in TCF7L2 Associates with Colorectal Cancer Risk by Interacting with a GWAS-Identified Regulatory Variant in the MYC Enhancer},
	volume = {78},
	number = {17},
	pages = {5164--5172},
	year = {2018},
	doi = {10.1158/0008-5472.CAN-18-0910},
	publisher = {American Association for Cancer Research},
	issn = {0008-5472},
	URL = {https://cancerres.aacrjournals.org/content/78/17/5164},
	eprint = {https://cancerres.aacrjournals.org/content/78/17/5164.full.pdf},
	journal = {Cancer Research}
}

@article{guo2018,
	Annote = {doi: 10.1016/j.ajhg.2018.03.016},
	Author = {Guo, Xingyi and Lin, Weiqiang and Bao, Jiandong and Cai, Qiuyin and Pan, Xiao and Bai, Mengqiu and Yuan, Yuan and Shi, Jiajun and Sun, Yaqiong and Han, Mi-Ryung and Wang, Jing and Liu, Qi and Wen, Wanqing and Li, Bingshan and Long, Jirong and Chen, Jianghua and Zheng, Wei},
	Booktitle = {The American Journal of Human Genetics},
	Date = {2018/05/03},
	Date-Added = {2020-12-17 11:51:39 +0300},
	Date-Modified = {2020-12-17 11:51:39 +0300},
	Doi = {10.1016/j.ajhg.2018.03.016},
	Isbn = {0002-9297},
	Journal = {The American Journal of Human Genetics},
	M3 = {doi: 10.1016/j.ajhg.2018.03.016},
	Month = {2020/12/17},
	Number = {5},
	Pages = {890--903},
	Publisher = {Elsevier},
	Title = {A Comprehensive <em>cis</em>-eQTL Analysis Revealed Target Genes in Breast Cancer Susceptibility Loci Identified in Genome-wide Association Studies},
	Ty = {JOUR},
	Url = {https://doi.org/10.1016/j.ajhg.2018.03.016},
	Volume = {102},
	Year = {2018},
	Year1 = {2018},
	Bdsk-Url-1 = {https://doi.org/10.1016/j.ajhg.2018.03.016}
}

@article{zou2018,
	Annote = {doi: 10.1016/j.ejca.2018.01.065},
	Author = {Zou, Danyi and Lou, Jiao and Ke, Juntao and Mei, Shufang and Li, Jiaoyuan and Gong, Yajie and Yang, Yang and Zhu, Ying and Tian, Jianbo and Chang, Jiang and Zhong, Rong and Gong, Jing and Miao, Xiaoping},
	Booktitle = {European Journal of Cancer},
	Date = {2018/04/01},
	Date-Added = {2020-12-17 11:53:19 +0300},
	Date-Modified = {2020-12-17 11:53:19 +0300},
	Doi = {10.1016/j.ejca.2018.01.065},
	Isbn = {0959-8049},
	Journal = {European Journal of Cancer},
	M3 = {doi: 10.1016/j.ejca.2018.01.065},
	Month = {2020/12/17},
	Pages = {1--9},
	Publisher = {Elsevier},
	Title = {Integrative expression quantitative trait locus\&{\#}x2013;based analysis of colorectal cancer identified a functional polymorphism regulating <em>SLC22A5</em> expression},
	Ty = {JOUR},
	Url = {https://doi.org/10.1016/j.ejca.2018.01.065},
	Volume = {93},
	Year = {2018},
	Year1 = {2018},
	Bdsk-Url-1 = {https://doi.org/10.1016/j.ejca.2018.01.065}
}


@article{gong2018,
	Annote = {doi: 10.1093/annonc/mdx789},
	Author = {Gong, J. and Tian, J. and Lou, J. and Wang, X. and Ke, J. and Li, J. and Yang, Y. and Gong, Y. and Zhu, Y. and Zou, D. and Peng, X. and Yang, N. and Mei, S. and Zhong, R. and Chang, J. and Miao, X.},
	Booktitle = {Annals of Oncology},
	Date = {2018/03/01},
	Date-Added = {2020-12-17 11:54:28 +0300},
	Date-Modified = {2020-12-17 11:54:28 +0300},
	Doi = {10.1093/annonc/mdx789},
	Isbn = {0923-7534},
	Journal = {Annals of Oncology},
	M3 = {doi: 10.1093/annonc/mdx789},
	Month = {2020/12/17},
	Number = {3},
	Pages = {632--639},
	Publisher = {Elsevier},
	Title = {A polymorphic <em>MYC</em> response element in <em>KBTBD11</em> influences colorectal cancer risk, especially in interaction with an <em>MYC</em>-regulated SNP rs6983267},
	Ty = {JOUR},
	Url = {https://doi.org/10.1093/annonc/mdx789},
	Volume = {29},
	Year = {2018},
	Year1 = {2018},
	Bdsk-Url-1 = {https://doi.org/10.1093/annonc/mdx789}
}

@article{westra2013,
	Author = {Westra, Harm-Jan and Peters, Marjolein J and Esko, T{\~o}nu and Yaghootkar, Hanieh and Schurmann, Claudia and Kettunen, Johannes and Christiansen, Mark W and Fairfax, Benjamin P and Schramm, Katharina and Powell, Joseph E and Zhernakova, Alexandra and Zhernakova, Daria V and Veldink, Jan H and Van den Berg, Leonard H and Karjalainen, Juha and Withoff, Sebo and Uitterlinden, Andr{\'e}G and Hofman, Albert and Rivadeneira, Fernando and 't Hoen, Peter A C and Reinmaa, Eva and Fischer, Krista and Nelis, Mari and Milani, Lili and Melzer, David and Ferrucci, Luigi and Singleton, Andrew B and Hernandez, Dena G and Nalls, Michael A and Homuth, Georg and Nauck, Matthias and Radke, D{\"o}rte and V{\"o}lker, Uwe and Perola, Markus and Salomaa, Veikko and Brody, Jennifer and Suchy-Dicey, Astrid and Gharib, Sina A and Enquobahrie, Daniel A and Lumley, Thomas and Montgomery, Grant W and Makino, Seiko and Prokisch, Holger and Herder, Christian and Roden, Michael and Grallert, Harald and Meitinger, Thomas and Strauch, Konstantin and Li, Yang and Jansen, Ritsert C and Visscher, Peter M and Knight, Julian C and Psaty, Bruce M and Ripatti, Samuli and Teumer, Alexander and Frayling, Timothy M and Metspalu, Andres and van Meurs, Joyce B J and Franke, Lude},
	Da = {2013/10/01},
	Date-Added = {2020-12-17 12:41:43 +0300},
	Date-Modified = {2020-12-17 12:41:43 +0300},
	Doi = {10.1038/ng.2756},
	Id = {Westra2013},
	Isbn = {1546-1718},
	Journal = {Nature Genetics},
	Number = {10},
	Pages = {1238--1243},
	Title = {Systematic identification of trans eQTLs as putative drivers of known disease associations},
	Ty = {JOUR},
	Url = {https://doi.org/10.1038/ng.2756},
	Volume = {45},
	Year = {2013},
	Bdsk-Url-1 = {https://doi.org/10.1038/ng.2756}
}


@article{zhang2015,
	Author = {Zhang, Xiaoling and Joehanes, Roby and Chen, Brian H and Huan, Tianxiao and Ying, Saixia and Munson, Peter J and Johnson, Andrew D and Levy, Daniel and O'Donnell, Christopher J},
	Da = {2015/04/01},
	Date-Added = {2020-12-17 12:42:50 +0300},
	Date-Modified = {2020-12-17 12:42:50 +0300},
	Doi = {10.1038/ng.3220},
	Id = {Zhang2015},
	Isbn = {1546-1718},
	Journal = {Nature Genetics},
	Number = {4},
	Pages = {345--352},
	Title = {Identification of common genetic variants controlling transcript isoform variation in human whole blood},
	Ty = {JOUR},
	Url = {https://doi.org/10.1038/ng.3220},
	Volume = {47},
	Year = {2015},
	Bdsk-Url-1 = {https://doi.org/10.1038/ng.3220}
}

@article{faustino2003,
author = {Faustino, Nuno André and Cooper, Thomas A.}, 
title = {Pre-mRNA splicing and human disease},
volume = {17}, 
number = {4}, 
pages = {419-437}, 
year = {2003}, 
doi = {10.1101/gad.1048803}, 
URL = {http://genesdev.cshlp.org/content/17/4/419.short}, 
eprint = {http://genesdev.cshlp.org/content/17/4/419.full.pdf+html}, 
journal = {Genes & Development} 
}

@article{lalonde2011,
author = {Lalonde, Emilie and Ha, Kevin C.H. and Wang, Zibo and Bemmo, Amandine and Kleinman, Claudia L. and Kwan, Tony and Pastinen, Tomi and Majewski, Jacek}, 
title = {RNA sequencing reveals the role of splicing polymorphisms in regulating human gene expression},
volume = {21}, 
number = {4}, 
pages = {545-554}, 
year = {2011}, 
doi = {10.1101/gr.111211.110},  
URL = {http://genome.cshlp.org/content/21/4/545.abstract}, 
eprint = {http://genome.cshlp.org/content/21/4/545.full.pdf+html}, 
journal = {Genome Research} 
}


@article{schmitt2016,
title = "A Compendium of Chromatin Contact Maps Reveals Spatially Active Regions in the Human Genome",
journal = "Cell Reports",
volume = "17",
number = "8",
pages = "2042 - 2059",
year = "2016",
issn = "",
doi = "",
url = "",
author = "Anthony D. Schmitt and Ming Hu and Inkyung Jung and Zheng Xu and Yunjiang Qiu and Catherine L. Tan and Yun Li and Shin Lin and Yiing Lin and Cathy L. Barr and Bing Ren",
}

@article{harrow2012,
author = {Harrow, Jennifer and Frankish, Adam and Gonzalez, Jose M. and Tapanari, Electra and Diekhans, Mark and Kokocinski, Felix and Aken, Bronwen L. and Barrell, Daniel and Zadissa, Amonida and Searle, Stephen and Barnes, If and Bignell, Alexandra and Boychenko, Veronika and Hunt, Toby and Kay, Mike and Mukherjee, Gaurab and Rajan, Jeena and Despacio-Reyes, Gloria and Saunders, Gary and Steward, Charles and Harte, Rachel and Lin, Michael and Howald, Cédric and Tanzer, Andrea and Derrien, Thomas and Chrast, Jacqueline and Walters, Nathalie and Balasubramanian, Suganthi and Pei, Baikang and Tress, Michael and Rodriguez, Jose Manuel and Ezkurdia, Iakes and van Baren, Jeltje and Brent, Michael and Haussler, David and Kellis, Manolis and Valencia, Alfonso and Reymond, Alexandre and Gerstein, Mark and Guigó, Roderic and Hubbard, Tim J.}, 
title = {GENCODE: The reference human genome annotation for The ENCODE Project},
volume = {22}, 
number = {9}, 
pages = {1760-1774}, 
year = {2012}, 
doi = {}, 
URL = {}, 
eprint = {}, 
journal = {Genome Research} 
}

@article{djebali2012,
author = {Djebali, Sarah and Davis, Carrie and Merkel, Angelika and Dobin, Alexander and Lassmann, Timo and Mortazavi, Ali and Tanzer, Andrea and Lagarde, Julien and Lin, Wei and Schlesinger, Felix and Xue, Chenghai and Marinov, Georgi and Khatun, Jainab and Williams, Brian and Zaleski, Chris and Rozowsky, Joel and Röder, Maik and Kokocinski, Felix and Abdelhamid, Rehab and Gingeras, Thomas},
year = {2012},
month = {09},
pages = {101-8},
title = {Landscape of transcription in human cells},
volume = {489},
journal = {Nature},
doi = {}
}

@article{sveen2015,
author = {Sveen, Anita and Kilpinen, S and Ruusulehto, A and Lothe, RA and Skotheim, Rolf},
year = {2015},
month = {08},
pages = {},
title = {Aberrant RNA splicing in cancer; expression changes and driver mutations of splicing factor genes},
volume = {35},
journal = {Oncogene},
doi = {}
}

@article{wang2018,
author = {Wang, Bi-Dar and Lee, Norman},
year = {2018},
month = {11},
pages = {458},
title = {Aberrant RNA Splicing in Cancer and Drug Resistance},
volume = {10},
journal = {Cancers},
doi = {}
}

@article{wang2008,
author = {Wang, Eric and Sandberg, Rickard and Luo, Shujun and Khrebtukova, Irina and Mayr, kkk and Kingsmore, Stephen and Schroth, Gary and Burge, Christopher},
year = {2008},
month = {12},
pages = {470-6},
title = {Alternative Isoform Regulation in Human Tissue Transcriptomes},
volume = {456},
journal = {Nature},
doi = {}
}

@article{barbosa2012,
author = {Barbosa-Morais, Nuno and Irimia, Manuel and Pan, Qun and Xiong, Hui and Gueroussov, Serge and Lee, Leo and Slobodeniuc, Valentina and Kutter, Claudia and Watt, Stephen and Colak, Recep and Kim, Taehyung and Misquitta, Christine and Wilson, Michael and Kim, Philip and Odom, Duncan and Frey, Brendan and Blencowe, Benjamin},
year = {2012},
month = {12},
pages = {1587-93},
title = {The Evolutionary Landscape of Alternative Splicing in Vertebrate Species},
volume = {338},
journal = {Science (New York, N.Y.)},
doi = {}
}

@article{hoyos2019,
author = {Escobar-Hoyos, Luisa and Knorr, Katherine and Abdel-Wahab, Omar},
title = {Aberrant RNA Splicing in Cancer},
journal = {Annual Review of Cancer Biology},
volume = {3},
number = {1},
pages = {167-185},
year = {2019},
doi = {},
URL = {},
eprint = {}, 
}

@article{hyung2017,
    author = {Hyung, Daejin and Kim, Jihyun and Cho, Soo Young and Park, Charny},
    title = "{ASpedia: a comprehensive encyclopedia of human alternative splicing}",
    journal = {Nucleic Acids Research},
    volume = {46},
    number = {D1},
    pages = {D58-D63},
    year = {2017},
    month = {11},
    issn = {0305-1048},
    doi = {},
    url = {},
    eprint = {},
}

@article{wang2003,
	author = {Wang, Lei and Duke, Lindsay and Zhang, Peter S. and Arlinghaus, Ralph B. and Symmans, W. Fraser and Sahin, Aysegul and Mendez, Richard and Dai, Jia Le},
	title = {Alternative Splicing Disrupts a Nuclear Localization Signal in Spleen Tyrosine Kinase That Is Required for Invasion Suppression in Breast Cancer},
	volume = {63},
	number = {15},
	pages = {4724--4730},
	year = {2003},
	publisher = {American Association for Cancer Research},
	issn = {},
	URL = {},
	eprint = {},
	journal = {Cancer Research}
}

@article{aguet2017,
author = {Aguet, François and Ardlie, Kristin and Cummings, Beryl and Gelfand, Ellen and Getz, Gad and Hadley, Kane and Handsaker, Robert and Huang, Katherine and Kashin, Seva and Karczewski, Konrad and Lek, Monkol and Li, Xiao and Macarthur, Daniel and Nedzel, Jared and Nguyen, Duyen and Noble, Michael and Segrè, Ayellet and Trowbridge, Casandra and Tukiainen, Taru},
year = {2017},
month = {10},
pages = {204-213},
title = {Genetic effects on gene expression across human tissues},
volume = {550},
journal = {Nature},
doi = {}
}

@article{shabalin2012,
    author = {Shabalin, Andrey A.},
    title = "{Matrix eQTL: ultra fast eQTL analysis via large matrix operations}",
    journal = {Bioinformatics},
    volume = {28},
    number = {10},
    pages = {1353-1358},
    year = {2012},
    month = {04},
    issn = {1367-4803},
    doi = {},
    url = {},
    eprint = {},
}

@article{rao2014,
author = {Rao, S.S.P. and Huntley, M.H. and Durand, Neva and Stamenova, E.K. and Bochkov, Ivan and Robinson, J.T. and Sanborn, A.L. and Machol, I. and Omer, Arina and Lander, E.S. and Aiden, E.L.},
year = {2015},
month = {08},
pages = {687-688},
title = {A 3D Map of the Human Genome at Kilobase Resolution Reveals Principles of Chromatin Looping},
volume = {162},
journal = {Cell},
doi = {}
}

@article{tian2018,
    author = {Tian, Jianbo and Wang, Zhihua and Mei, Shufang and Yang, Nan and Yang, Yang and Ke, Juntao and Zhu, Ying and Gong, Yajie and Zou, Danyi and Peng, Xiating and Wang, Xiaoyang and Wan, Hao and Zhong, Rong and Chang, Jiang and Gong, Jing and Han, Leng and Miao, Xiaoping},
    title = "{CancerSplicingQTL: a database for genome-wide identification of splicing QTLs in human cancer}",
    journal = {Nucleic Acids Research},
    volume = {47},
    number = {D1},
    pages = {D909-D916},
    year = {2018},
    month = {10},
    issn = {},
    doi = {},
    url = {},
    eprint = {},
}

@article{yu2019,
author = {Yu, Jingting and Hu, Ming and Li, Chun},
year = {2019},
month = {12},
pages = {},
title = {Joint analyses of multi-tissue Hi-C and eQTL data demonstrate close spatial proximity between eQTLs and their target genes},
volume = {20},
journal = {BMC Genetics},
doi = {}
}

@article{kantidze2019,
author = {Kantidze, Omar and Luzhin, Artem and Nizovtseva, Ekaterina and Safina, Alfiya and Valieva, Maria and Golov, Arkadiy and Velichko, Artem and Lyubitelev, Alexander and Feofanov, Alexey and Gurova, Katerina and Studitsky, Vasily and Razin, Sergey},
year = {2019},
month = {03},
pages = {1441},
title = {The anti-cancer drugs curaxins target spatial genome organization},
volume = {10},
journal = {Nature Communications},
doi = {}
}

@article{fudenberg2011,
author = {Fudenberg, Geoff and Getz, Gad and Meyerson, Matthew and Mirny, Leonid},
year = {2011},
month = {11},
pages = {1109-13},
title = {High order chromatin architecture shapes the landscape of chromosomal alterations in cancer},
volume = {29},
journal = {Nature biotechnology},
doi = {}
}

@article{yates2019,
    author = {Yates, Andrew D and Achuthan, Premanand and Akanni, Wasiu and Allen, James and Allen, Jamie and Alvarez-Jarreta, Jorge and Amode, M Ridwan and Armean, Irina M and Azov, Andrey G and Bennett, Ruth and Bhai, Jyothish and Billis, Konstantinos and Boddu, Sanjay and Marugán, José Carlos and Cummins, Carla and Davidson, Claire and Dodiya, Kamalkumar and Fatima, Reham and Gall, Astrid and Giron, Carlos Garcia and Gil, Laurent and Grego, Tiago and Haggerty, Leanne and Haskell, Erin and Hourlier, Thibaut and Izuogu, Osagie G and Janacek, Sophie H and Juettemann, Thomas and Kay, Mike and Lavidas, Ilias and Le, Tuan and Lemos, Diana and Martinez, Jose Gonzalez and Maurel, Thomas and McDowall, Mark and McMahon, Aoife and Mohanan, Shamika and Moore, Benjamin and Nuhn, Michael and Oheh, Denye N and Parker, Anne and Parton, Andrew and Patricio, Mateus and Sakthivel, Manoj Pandian and Abdul Salam, Ahamed Imran and Schmitt, Bianca M and Schuilenburg, Helen and Sheppard, Dan and Sycheva, Mira and Szuba, Marek and Taylor, Kieron and Thormann, Anja and Threadgold, Glen and Vullo, Alessandro and Walts, Brandon and Winterbottom, Andrea and Zadissa, Amonida and Chakiachvili, Marc and Flint, Bethany and Frankish, Adam and Hunt, Sarah E and IIsley, Garth and Kostadima, Myrto and Langridge, Nick and Loveland, Jane E and Martin, Fergal J and Morales, Joannella and Mudge, Jonathan M and Muffato, Matthieu and Perry, Emily and Ruffier, Magali and Trevanion, Stephen J and Cunningham, Fiona and Howe, Kevin L and Zerbino, Daniel R and Flicek, Paul},
    title = "{Ensembl 2020}",
    journal = {Nucleic Acids Research},
    volume = {48},
    number = {D1},
    pages = {D682-D688},
    year = {2019},
    month = {11},
    issn = {},
    doi = {},
    url = {},
    eprint = {},
}

@article{shastry2009,
	title = {SNPs: impact on gene function and phenotype},
	author = {Shastry, Barkur S},
	doi = {},
	volume = {578},
	year = {2009},
	journal = {Methods in molecular biology (Clifton, N.J.)},
	issn = {},
	pages = {3—22},
	URL = {},
}

@article{chang2018,
	author = {Chang, Jiang and Tian, Jianbo and Yang, Yang and Zhong, Rong and Li, Jiaoyuan and Zhai, Kan and Ke, Juntao and Lou, Jiao and Chen, Wei and Zhu, Beibei and Shen, Na and Zhang, Yi and Gong, Yajie and Zhu, Ying and Zou, Danyi and Peng, Xiating and Huang, Kun and Miao, Xiaoping},
	title = {A Rare Missense Variant in TCF7L2 Associates with Colorectal Cancer Risk by Interacting with a GWAS-Identified Regulatory Variant in the MYC Enhancer},
	volume = {78},
	number = {17},
	pages = {5164--5172},
	year = {2018},
	doi = {},
	publisher = {American Association for Cancer Research},
	issn = {},
	URL = {},
	eprint = {},
	journal = {Cancer Research}
}

@article{guo2017,
author = {Guo, Xingyi and Lin, Weiqiang and Cai, Qiuyin and Shi, Jiajun and Sun, Yaqiong and Pan, Xiao and Han, Mi-Ryung and Wen, Wanqing and Li, Bingshan and Long, Jirong and Chen, Jianghua and Zheng, Wei},
year = {2017},
month = {07},
pages = {1441-1441},
title = {Abstract 1441: A comprehensive cis-eQTL analysis revealed target genes in breast cancer susceptibility loci identified in genome-wide association studies},
volume = {77},
journal = {Cancer Research},
doi = {}
}

@article{danyi2018,
author = {Danyi, Zou and Lou, Jiao and Ke, Juntao and Mei, Shufang and Li, Jiaoyuan and Gong, Yajie and Yang, Yang and Zhu, Ying and Tian, Jianbo and Chang, Jiang and Zhong, Rong and Gong, Jing and Miao, Xiaoping},
year = {2018},
month = {02},
pages = {1-9},
title = {Integrative expression quantitative trait locus-based analysis of colorectal cancer identified a functional polymorphism regulating SLC22A5 expression},
volume = {93},
journal = {European journal of cancer (Oxford, England : 1990)},
doi = {}
}

@article{gong2017,
author = {Gong, Jing and Tian, J and Lou, J and Wang, X and Ke, J and Li, J and Yang, Y and Gong, Y and Zhu, Y and Zou, D and Peng, X and Yang, N and Mei, S and Zhong, R and Chang, Jiang and Miao, X},
year = {2017},
month = {12},
pages = {},
title = {A polymorphic MYC response element in KBTBD11 influences colorectal cancer risk, especially in interaction with a MYC regulated SNP rs6983267},
volume = {29},
journal = {Annals of oncology : official journal of the European Society for Medical Oncology},
doi = {10.1093/annonc/mdx789}
}

@article{hyung2017,
    author = {Hyung, Daejin and Kim, Jihyun and Cho, Soo Young and Park, Charny},
    title = "{ASpedia: a comprehensive encyclopedia of human alternative splicing}",
    journal = {Nucleic Acids Research},
    volume = {46},
    number = {D1},
    pages = {D58-D63},
    year = {2017},
    month = {11},
    issn = {},
    doi = {},
    url = {},
    eprint = {},
}

@article{duggal2013,
    author = {Duggal, Geet and Wang, Hao and Kingsford, Carl},
    title = "{Higher-order chromatin domains link eQTLs with the expression of far-away genes}",
    journal = {Nucleic Acids Research},
    volume = {42},
    number = {1},
    pages = {87-96},
    year = {2013},
    month = {10},
    issn = {},
    doi = {},
    url = {},
    eprint = {},
}

@ARTICLE{khokhar2019,
AUTHOR={Khokhar, Waqas and Hassan, Musa A. and Reddy, Anireddy S. N. and Chaudhary, Saurabh and Jabre, Ibtissam and Byrne, Lee J. and Syed, Naeem H.},   	 
TITLE={Genome-Wide Identification of Splicing Quantitative Trait Loci (sQTLs) in Diverse Ecotypes of Arabidopsis thaliana},      
JOURNAL={Frontiers in Plant Science},      
VOLUME={10},      
PAGES={1160},     	
YEAR={2019},      	  
URL={},       	
DOI={},      
ISSN={},   
}

@article{takata2017,
author = {Takata, Atsushi and Matsumoto, Naomichi and Kato, Tadafumi},
year = {2017},
month = {02},
pages = {14519},
title = {Genome-wide identification of splicing QTLs in the human brain and their enrichment among schizophrenia-associated loci},
volume = {8},
journal = {Nature Communications},
doi = {}
}



